%------------------------------------------------------------------
% Stockwell Transform
%------------------------------------------------------------------
@article{stockwell1996localization,
  title={Localization of the complex spectrum: the S transform},
  author={Stockwell, Robert Glenn and Mansinha, Lalu and Lowe, RP},
  journal={Signal Processing, IEEE Transactions on},
  volume={44},
  number={4},
  pages={998--1001},
  year={1996},
  publisher={IEEE}
}

@article{mansinha1997local,
  title={Local S-spectrum analysis of 1-D and 2-D data},
  author={Mansinha, L and Stockwell, RG and Lowe, RP and Eramian, M and Schincariol, RA},
  journal={Physics of the Earth and Planetary Interiors},
  volume={103},
  number={3},
  pages={329--336},
  year={1997},
  publisher={Elsevier}
}
%---------------------------------------------------------------
% Non-Intrusive Load Monitoring
%---------------------------------------------------------------
@article{hart1992,
  title={Nonintrusive appliance load monitoring},
  author={Hart, George William},
  journal={Proceedings of the IEEE},
  volume={80},
  number={12},
  pages={1870--1891},
  year={1992},
  publisher={IEEE}
}

@phdthesis{naitmeziane2016,
  title = {{Analysis of turn-on transient currents for electrical appliances identification}},
  author = {Nait Meziane, Mohamed},
  number = {2016ORLE2063},
  school = {{Universit{\'e} d'Orl{\'e}ans}},
  year = {2016},
  month = Dec,
  type = {Theses}
}

@phdthesis{sanquer2013,
  title={D{\'e}tection et caract{\'e}risation de signaux transitoires},
  author={Sanquer, Matthieu},
  year={2013},
  school={Grenoble-INP}
}

