@article{hart1992,
  title={Nonintrusive appliance load monitoring},
  author={Hart, George William},
  journal={Proceedings of the IEEE},
  volume={80},
  number={12},
  pages={1870--1891},
  year={1992},
  publisher={IEEE}
}

@phdthesis{naitmeziane2016,
  title = {{Analysis of turn-on transient currents for electrical appliances identification}},
  author = {Nait Meziane, Mohamed},
  number = {2016ORLE2063},
  school = {{Universit{\'e} d'Orl{\'e}ans}},
  year = {2016},
  month = Dec,
  type = {Theses}
}

@phdthesis{sanquer2013,
  title={D{\'e}tection et caract{\'e}risation de signaux transitoires},
  author={Sanquer, Matthieu},
  year={2013},
  school={Grenoble-INP}
}
